@misc{MinimaLT,
    author  = "Daniel J. Bernstein, Tanja Lange, Jon A. Solworth, Xu Zhang, W. Michael Petullo",
    title   = "MinimaLT: Minimal-latency Networking Through Better Security",
     howpublished = "\url{http://cr.yp.to/tcpip/minimalt-20130522.pdf}",
    year    = {2013}
}

@misc{okTurtules,
    author = "Greg Slepak",
    title = "DNSNMC + okTurtles",
    howpublished = "\url{http://okturtles.com/other/dnsnmc_okturtles_overview.pdf}",
    year = {2013}
}

@misc{mozillaSSL,
    title = "{M}ozilla {I}ncluded {CA} {C}ertificate {L}ist",
    howpublished = "\url{https://www.mozilla.org/en-US/about/governance/policies/security-group/certs/included/}"
}

@misc{diginotarHack,
    title = "DigiNotar: Iranians â€“ The Real Target",
    year = {2011},
    author = "TrendMicro",
    howpublished = "\url{https://www.mozilla.org/en-US/about/governance/policies/security-group/certs/included/}"
}

@misc{chromiumPins,
    title = "{P}ins source file",
    author = "Chromium Project",
    howpublished = "\url{}"
}

